@inproceedings{DBLP:conf/cvpr/ViolaJ01,
  author    = {Paul A. Viola and
               Michael J. Jones},
  title     = {Rapid Object Detection using a Boosted Cascade of Simple
               Features},
  booktitle = {CVPR (1)},
  year      = {2001},
  pages     = {511-518},
  ee        = {http://doi.ieeecomputersociety.org/10.1109/CVPR.2001.990517},
  bibsource = {DBLP, http://dblp.uni-trier.de}
}

@inproceedings{DBLP:conf/icip/LienhartM02,
  author    = {Rainer Lienhart and
               Jochen Maydt},
  title     = {An extended set of Haar-like features for rapid object detection},
  booktitle = {ICIP (1)},
  year      = {2002},
  pages     = {900-903},
  ee        = {http://dx.doi.org/10.1109/ICIP.2002.1038171},
  bibsource = {DBLP, http://dblp.uni-trier.de}
}

@misc{OCV:cascadeclassification,
  author 	= {opencv dev team},
  title 	= {Cascade Classification},
  howpublished 	= {\url{http://docs.opencv.org/modules/objdetect/doc/cascade_classification.html}},
  note 		= {Accessed: 2014-06-20}
}

@article{DBLP:journals/pami/KalalMM12,
  author    = {Zdenek Kalal and
               Krystian Mikolajczyk and
               Jiri Matas},
  title     = {Tracking-Learning-Detection},
  journal   = {IEEE Trans. Pattern Anal. Mach. Intell.},
  volume    = {34},
  number    = {7},
  year      = {2012},
  pages     = {1409-1422},
  ee        = {http://doi.ieeecomputersociety.org/10.1109/TPAMI.2011.239},
  bibsource = {DBLP, http://dblp.uni-trier.de}
}



